% !Mode:: "TeX:UTF-8"


@article{yellow1,
  title={Deep Learning for Anomaly Detection in Multivariate Time Series: Approaches, Applications, and Challenges},
  author={Li, Gen and Jung, Jason J},
  journal={Information Fusion},
  year={2022},
  publisher={Elsevier}
}

@inproceedings{orange17,
  title={Lof: Identifying Density-based Local Outlier},
  author={Breunig, Markus M and Kriegel, Hans-Peter and Ng, Raymond T and Sander, J{\"o}rg},
  booktitle={Proceedings of the 2000 ACM SIGMOD international conference on Management of data},
  pages={93--104},
  year={2000}
}

@article{orange84,
  title={Isolation-based Anomaly Detection},
  author={Liu, Fei Tony and Ting, Kai Ming and Zhou, Zhi-Hua},
  journal={ACM Transactions on Knowledge Discovery from Data (TKDD)},
  volume={6},
  number={1},
  pages={1--39},
  year={2012},
}

@article{orange20,
  title={On the Evaluation of Unsupervised Outlier Detection: Measures, Datasets, and an Empirical Study},
  author={Campos, Guilherme O and Zimek, Arthur and Sander, J{\"o}rg and Campello, Ricardo JGB and Micenkov{\'a}, Barbora and Schubert, Erich and Assent, Ira and Houle, Michael E},
  journal={Data mining and knowledge discovery},
  volume={30},
  number={4},
  pages={891--927},
  year={2016},
  publisher={Springer}
}

@inproceedings{orange115,
  title={Deep Anomaly Detection with Deviation Networks},
  author={Pang, Guansong and Shen, Chunhua and van den Hengel, Anton},
  booktitle={Proceedings of the 25th ACM SIGKDD international conference on knowledge discovery \& data mining},
  pages={353--362},
  year={2019}
}

@inproceedings{orange70,
  title={Hics: High Contrast Subspaces for Density-based Outlier Ranking},
  author={Keller, Fabian and Muller, Emmanuel and Bohm, Klemens},
  booktitle={2012 IEEE 28th international conference on data engineering},
  pages={1037--1048},
  year={2012},
  organization={IEEE}
}

@inproceedings{orange77,
  title={Feature Bagging for Outlier Detection},
  author={Lazarevic, Aleksandar and Kumar, Vipin},
  booktitle={Proceedings of the eleventh ACM SIGKDD international conference on Knowledge discovery in data mining},
  pages={157--166},
  year={2005}
}

@article{orange123,
  title={Loda: Lightweight On-line Detector of Anomalies},
  author={Pevn{\`y}, Tom{\'a}{\v{s}}},
  journal={Machine Learning},
  volume={102},
  number={2},
  pages={275--304},
  year={2016},
  publisher={Springer}
}

@inproceedings{orange12,
  title={Gpu-accelerated Feature Selection for Outlier Detection Using the Local Kernel Density Ratio},
  author={Azmandian, Fatemeh and Yilmazer, Ayse and Dy, Jennifer G and Aslam, Javed A and Kaeli, David R},
  booktitle={2012 IEEE 12th International Conference on Data Mining},
  pages={51--60},
  year={2012},
  organization={IEEE}
}

@inproceedings{orange109,
  title={Sparse Modeling-based Sequential Ensemble Learning for Effective Outlier Detection in High-dimensional Numeric Data},
  author={Pang, Guansong and Cao, Longbing and Chen, Ling and Lian, Defu and Liu, Huan},
  booktitle={Proceedings of the AAAI Conference on Artificial Intelligence},
  volume={32},
  number={1},
  year={2018}
}

@inproceedings{orange111,
  title={Learning Homophily Couplings from Non-iid Data for Joint Feature Selection and Noise-resilient Outlier Detection},
  author={Pang, Guansong and Cao, Longbing and Chen, Ling and Liu, Huan},
  year={2017},
  organization={IJCAI}
}

@article{orange22,
  title={Coupling Learning of Complex Interactions},
  author={Cao, Longbing},
  journal={Information Processing \& Management},
  volume={51},
  number={2},
  pages={167--186},
  year={2015},
  publisher={Elsevier}
}

@article{green10,
  title={A Review on Outlier/anomaly Detection in Time Series Data},
  author={Bl{\'a}zquez-Garc{\'\i}a, Ane and Conde, Angel and Mori, Usue and Lozano, Jose A},
  journal={ACM Computing Surveys (CSUR)},
  volume={54},
  number={3},
  pages={1--33},
  year={2021},
  publisher={ACM New York, NY, USA}
}

@article{green11,
  title={Deep Learning for Anomaly Detection: a Review},
  author={Pang, Guansong and Shen, Chunhua and Cao, Longbing and Hengel, Anton Van Den},
  journal={ACM Computing Surveys (CSUR)},
  volume={54},
  number={2},
  pages={1--38},
  year={2021},
  publisher={ACM New York, NY, USA}
}

@article{green12,
  title={A Survey of Deep Learning-based Network Anomaly Detection},
  author={Kwon, Donghwoon and Kim, Hyunjoo and Kim, Jinoh and Suh, Sang C and Kim, Ikkyun and Kim, Kuinam J},
  journal={Cluster Computing},
  volume={22},
  number={1},
  pages={949--961},
  year={2019},
  publisher={Springer}
}

@article{green13,
  title={Classification-based Anomaly Detection for General Data},
  author={Bergman, Liron and Hoshen, Yedid},
  journal={arXiv preprint arXiv:2005.02359},
  year={2020}
}

@inproceedings{green14,
  title={Self-attentive Classification-based Anomaly Detection in Unstructured Logs},
  author={Nedelkoski, Sasho and Bogatinovski, Jasmin and Acker, Alexander and Cardoso, Jorge and Kao, Odej},
  booktitle={2020 IEEE International Conference on Data Mining (ICDM)},
  pages={1196--1201},
  year={2020},
  organization={IEEE}
}

@article{green15,
  title={Automated detection of activity transitions for prompting},
  author={Feuz, Kyle D and Cook, Diane J and Rosasco, Cody and Robertson, Kayela and Schmitter-Edgecombe, Maureen},
  journal={IEEE transactions on human-machine systems},
  volume={45},
  number={5},
  pages={575--585},
  year={2014},
  publisher={IEEE}
}

@article{green16,
  title={Using mobile phones to determine transportation modes},
  author={Reddy, Sasank and Mun, Min and Burke, Jeff and Estrin, Deborah and Hansen, Mark and Srivastava, Mani},
  journal={ACM Transactions on Sensor Networks (TOSN)},
  volume={6},
  number={2},
  pages={1--27},
  year={2010},
  publisher={ACM New York, NY, USA}
}

@inproceedings{green17,
  title={A deep neural network for unsupervised anomaly detection and diagnosis in multivariate time series data},
  author={Zhang, Chuxu and Song, Dongjin and Chen, Yuncong and Feng, Xinyang and Lumezanu, Cristian and Cheng, Wei and Ni, Jingchao and Zong, Bo and Chen, Haifeng and Chawla, Nitesh V},
  booktitle={Proceedings of the AAAI conference on artificial intelligence},
  volume={33},
  number={01},
  pages={1409--1416},
  year={2019}
}

@article{green18,
  title={面向时序数据异常检测的可视分析综述},
  author={韩东明 and 郭方舟 and 潘嘉铖 and 郑文庭 and 陈为},
  journal={计算机研究与发展},
  volume={55},
  number={9},
  pages={1843--1852},
  year={2018}
}

@techreport{yellow3,
  title={A novel anomaly detection scheme based on principal component classifier},
  author={Shyu, Mei-Ling and Chen, Shu-Ching and Sarinnapakorn, Kanoksri and Chang, LiWu},
  year={2003},
  institution={Miami Univ Coral Gables Fl Dept of Electrical and Computer Engineering}
}

@inproceedings{yellow4,
  title={Fast outlier detection in high dimensional spaces},
  author={Angiulli, Fabrizio and Pizzuti, Clara},
  booktitle={European conference on principles of data mining and knowledge discovery},
  pages={15--27},
  year={2002},
  organization={Springer}
}

@article{yellow6,
  title={Estimating the support of a high-dimensional distribution},
  author={Sch{\"o}lkopf, Bernhard and Platt, John C and Shawe-Taylor, John and Smola, Alex J and Williamson, Robert C},
  journal={Neural computation},
  volume={13},
  number={7},
  pages={1443--1471},
  year={2001},
  publisher={MIT Press One Rogers Street, Cambridge, MA 02142-1209, USA journals-info~…}
}

@inproceedings{yellow84,
  title={Classification and analysis of multivariate observations},
  author={MacQueen, J},
  booktitle={5th Berkeley Symp. Math. Statist. Probability},
  pages={281--297},
  year={1967}
}

@article{yellow85,
  title={One-class SVMs for document classification},
  author={Manevitz, Larry M and Yousef, Malik},
  journal={Journal of machine Learning research},
  volume={2},
  number={Dec},
  pages={139--154},
  year={2001}
}

@book{yellow86,
  title={Mixture models: Inference and applications to clustering},
  author={McLachlan, Geoffrey J and Basford, Kaye E},
  volume={38},
  year={1988},
  publisher={M. Dekker New York}
}

@inproceedings{yellow87,
  title={A density-based algorithm for discovering clusters in large spatial databases with noise.},
  author={Ester, Martin and Kriegel, Hans-Peter and Sander, J{\"o}rg and Xu, Xiaowei and others},
  booktitle={kdd},
  volume={96},
  number={34},
  pages={226--231},
  year={1996}
}

@book{yellow23,
  title={Signal processing noise},
  author={Tuzlukov, Vyacheslav},
  year={2018},
  publisher={CRC Press}
}

@article{yellow24,
  title={Explaining and harnessing adversarial examples},
  author={Goodfellow, Ian J and Shlens, Jonathon and Szegedy, Christian},
  journal={arXiv preprint arXiv:1412.6572},
  year={2014}
}

@article{glow,
  title={Glow: Generative flow with invertible 1x1 convolutions},
  author={Kingma, Durk P and Dhariwal, Prafulla},
  journal={Advances in neural information processing systems},
  volume={31},
  year={2018}
}

@inproceedings{nice,
  title={Multimodal fusion of brain imaging data with joint non-linear independent component analysis},
  author={Agcaoglu, Oktay and Silva, Rogers F and Calhoun, Vince},
  booktitle={2022 IEEE 14th Image, Video, and Multidimensional Signal Processing Workshop (IVMSP)},
  pages={1--5},
  year={2022},
  organization={IEEE}
}

@article{realnvp,
  title={Masked autoregressive flow for density estimation},
  author={Papamakarios, George and Pavlakou, Theo and Murray, Iain},
  journal={Advances in neural information processing systems},
  volume={30},
  year={2017}
}

@inproceedings{lstm-ndt,
  title={Robust anomaly detection for multivariate time series through stochastic recurrent neural network},
  author={Su, Ya and Zhao, Youjian and Niu, Chenhao and Liu, Rong and Sun, Wei and Pei, Dan},
  booktitle={Proceedings of the 25th ACM SIGKDD international conference on knowledge discovery \& data mining},
  pages={2828--2837},
  year={2019}
}

@inproceedings{usad,
  title={Usad: Unsupervised anomaly detection on multivariate time series},
  author={Audibert, Julien and Michiardi, Pietro and Guyard, Fr{\'e}d{\'e}ric and Marti, S{\'e}bastien and Zuluaga, Maria A},
  booktitle={Proceedings of the 26th ACM SIGKDD International Conference on Knowledge Discovery \& Data Mining},
  pages={3395--3404},
  year={2020}
}

@inproceedings{omnianomaly,
  title={Robust anomaly detection for multivariate time series through stochastic recurrent neural network},
  author={Su, Ya and Zhao, Youjian and Niu, Chenhao and Liu, Rong and Sun, Wei and Pei, Dan},
  booktitle={Proceedings of the 25th ACM SIGKDD international conference on knowledge discovery \& data mining},
  pages={2828--2837},
  year={2019}
}


@inproceedings{none1,
  title={Anomaly detection for discovering performance degradation in cellular IoT services},
  author={Minovski, Dimitar and {\AA}hlund, Christer and Mitra, Karan and Cotanis, Irina},
  booktitle={2021 IEEE 46th Conference on Local Computer Networks (LCN)},
  pages={99--106},
  year={2021},
  organization={IEEE}
}

@article{gdn,
  title={GdN thin films: Bulk and local electronic and magnetic properties},
  author={Leuenberger, F and Parge, A and Felsch, W and Fauth, K and Hessler, M},
  journal={Physical Review B},
  volume={72},
  number={1},
  pages={014427},
  year={2005},
  publisher={APS}
}

@inproceedings{mtad-gat,
  title={Multivariate time-series anomaly detection via graph attention network},
  author={Zhao, Hang and Wang, Yujing and Duan, Juanyong and Huang, Congrui and Cao, Defu and Tong, Yunhai and Xu, Bixiong and Bai, Jing and Tong, Jie and Zhang, Qi},
  booktitle={2020 IEEE International Conference on Data Mining (ICDM)},
  pages={841--850},
  year={2020},
  organization={IEEE}
}

@inproceedings{swat,
  title={A dataset to support research in the design of secure water treatment systems},
  author={Goh, Jonathan and Adepu, Sridhar and Junejo, Khurum Nazir and Mathur, Aditya},
  booktitle={International conference on critical information infrastructures security},
  pages={88--99},
  year={2016},
  organization={Springer}
}

@inproceedings{msl,
  title={A dataset to support research in the design of secure water treatment systems},
  author={Goh, Jonathan and Adepu, Sridhar and Junejo, Khurum Nazir and Mathur, Aditya},
  booktitle={International conference on critical information infrastructures security},
  pages={88--99},
  year={2016},
  organization={Springer}
}

@article{sarima,
  title={Long-term runoff study using SARIMA and ARIMA models in the United States},
  author={Valipour, Mohammad},
  journal={Meteorological Applications},
  volume={22},
  number={3},
  pages={592--598},
  year={2015},
  publisher={Wiley Online Library}
}

@inproceedings{arimax,
  title={ARIMA vs. ARIMAX--which approach is better to analyze and forecast macroeconomic time series},
  author={Peter, {\v{D}}urka and Silvia, Pastorekov{\'a}},
  booktitle={Proceedings of 30th international conference mathematical methods in economics},
  volume={2},
  pages={136--140},
  year={2012}
}

@article{var,
  title={VaR: Seductive but dangerous},
  author={Beder, Tanya Styblo},
  journal={Financial Analysts Journal},
  volume={51},
  number={5},
  pages={12--24},
  year={1995},
  publisher={Taylor \& Francis}
}

@inproceedings{dagmm,
  title={Deep autoencoding gaussian mixture model for unsupervised anomaly detection},
  author={Zong, Bo and Song, Qi and Min, Martin Renqiang and Cheng, Wei and Lumezanu, Cristian and Cho, Daeki and Chen, Haifeng},
  booktitle={International conference on learning representations},
  year={2018}
}

@book{hawkings,
  title={Identification Of Outliers},
  author={Hawkins, Douglas M},
  volume={11},
  year={1980},
  publisher={Springer}
}

@article{gan,
  title={Generative adversarial networks: An overview},
  author={Creswell, Antonia and White, Tom and Dumoulin, Vincent and Arulkumaran, Kai and Sengupta, Biswa and Bharath, Anil A},
  journal={IEEE signal processing magazine},
  volume={35},
  number={1},
  pages={53--65},
  year={2018},
  publisher={IEEE}
}

@inproceedings{vae,
  title={Collaborative variational autoencoder for recommender systems},
  author={Li, Xiaopeng and She, James},
  booktitle={Proceedings of the 23rd ACM SIGKDD international conference on knowledge discovery and data mining},
  pages={305--314},
  year={2017}
}

@inproceedings{nf,
  title={Variational inference with normalizing flows},
  author={Rezende, Danilo and Mohamed, Shakir},
  booktitle={International conference on machine learning},
  pages={1530--1538},
  year={2015},
  organization={PMLR}
}

@inproceedings{none2,
  title={Time-series anomaly detection service at microsoft},
  author={Ren, Hansheng and Xu, Bixiong and Wang, Yujing and Yi, Chao and Huang, Congrui and Kou, Xiaoyu and Xing, Tony and Yang, Mao and Tong, Jie and Zhang, Qi},
  booktitle={Proceedings of the 25th ACM SIGKDD international conference on knowledge discovery \& data mining},
  pages={3009--3017},
  year={2019}
}

@inproceedings{none3,
  title={Generic and scalable framework for automated time-series anomaly detection},
  author={Laptev, Nikolay and Amizadeh, Saeed and Flint, Ian},
  booktitle={Proceedings of the 21th ACM SIGKDD international conference on knowledge discovery and data mining},
  pages={1939--1947},
  year={2015}
}

@inproceedings{none4,
  title={Generic and scalable framework for automated time-series anomaly detection},
  author={Laptev, Nikolay and Amizadeh, Saeed and Flint, Ian},
  booktitle={Proceedings of the 21th ACM SIGKDD international conference on knowledge discovery and data mining},
  pages={1939--1947},
  year={2015}
}

@article{none5,
  title={Volume under the surface: a new accuracy evaluation measure for time-series anomaly detection},
  author={Paparrizos, John and Boniol, Paul and Palpanas, Themis and Tsay, Ruey S and Elmore, Aaron and Franklin, Michael J},
  journal={Proceedings of the VLDB Endowment},
  volume={15},
  number={11},
  pages={2774--2787},
  year={2022},
  publisher={VLDB Endowment}
}

@article{ganf,
  title={Normalizing Flows For Probabilistic Modeling and Inference.},
  author={Papamakarios, George and Nalisnick, Eric T and Rezende, Danilo Jimenez and Mohamed, Shakir and Lakshminarayanan, Balaji},
  journal={J. Mach. Learn. Res.},
  volume={22},
  number={57},
  pages={1--64},
  year={2021}
}

@article{ad-lti,
  title={Developing an unsupervised real-time anomaly detection scheme for time series with multi-seasonality},
  author={Wu, Wentai and He, Ligang and Lin, Weiwei and Su, Yi and Cui, Yuhua and Maple, Carsten and Jarvis, Stephen},
  journal={IEEE Transactions on Knowledge and Data Engineering},
  volume={34},
  number={9},
  pages={4147--4160},
  year={2020},
  publisher={IEEE}
}

@inproceedings{apae,
  title={Robustness of Autoencoders for Anomaly Detection Under Adversarial Impact.},
  author={Goodge, Adam and Hooi, Bryan and Ng, See-Kiong and Ng, Wee Siong},
  booktitle={IJCAI},
  pages={1244--1250},
  year={2020}
}

@article{box-jek,
  title={Box-Jenkins Modelling in Medical Research},
  author={Helfenstein, Ulrich},
  journal={Statistical Methods in Medical Research},
  volume={5},
  number={1},
  pages={3--22},
  year={1996},
  publisher={Sage Publications Sage CA: Thousand Oaks, CA}
}

@article{k-means,
  title={Genetic K-means Algorithm},
  author={Krishna, K and Murty, M Narasimha},
  journal={IEEE Transactions on Systems, Man, and Cybernetics, Part B (Cybernetics)},
  volume={29},
  number={3},
  pages={433--439},
  year={1999},
  publisher={IEEE}
}

@book{db-scan,
  title={An efficient approach to clustering in large multimedia databases with noise},
  author={Hinneburg, Alexander and Keim, Daniel A and others},
  volume={98},
  year={1998},
  publisher={Bibliothek der Universit{\"a}t Konstanz}
}

@inproceedings{LOF,
  title={LOF: Identifying Density-based Local Outliers},
  author={Breunig, Markus M and Kriegel, Hans-Peter and Ng, Raymond T and Sander, J{\"o}rg},
  booktitle={Proceedings of the 2000 ACM SIGMOD international conference on Management of data},
  pages={93--104},
  year={2000}
}

@inproceedings{lof-app,
  title={Anomaly Detection On Time Series},
  author={Teng, Mingyan},
  booktitle={2010 IEEE International Conference on Progress in Informatics and Computing},
  volume={1},
  pages={603--608},
  year={2010},
  organization={IEEE}
}

@article{RNN,
  title={Recurrent Neural Networks},
  author={Medsker, Larry R and Jain, LC},
  journal={Design and Applications},
  volume={5},
  pages={64--67},
  year={2001}
}

@article{GNN,
  title={The Graph Neural Network Model},
  author={Scarselli, Franco and Gori, Marco and Tsoi, Ah Chung and Hagenbuchner, Markus and Monfardini, Gabriele},
  journal={IEEE transactions on neural networks},
  volume={20},
  number={1},
  pages={61--80},
  year={2008},
  publisher={IEEE}
}

@article{lstm,
  title={Long Short-term Memory},
  author={Graves, Alex},
  journal={Supervised sequence labelling with recurrent neural networks},
  pages={37--45},
  year={2012},
  publisher={Springer}
}

@inproceedings{gru,
  title={Gate-variants of gated recurrent unit (GRU) neural networks},
  author={Dey, Rahul and Salem, Fathi M},
  booktitle={2017 IEEE 60th international midwest symposium on circuits and systems (MWSCAS)},
  pages={1597--1600},
  year={2017},
  organization={IEEE}
}

@inproceedings{aiops2022,
  title={Multivariate Time Series Anomaly Detection and Interpretation Using Hierarchical Inter-metric and Temporal Embedding},
  author={Li, Zhihan and Zhao, Youjian and Han, Jiaqi and Su, Ya and Jiao, Rui and Wen, Xidao and Pei, Dan},
  booktitle={Proceedings of the 27th ACM SIGKDD Conference on Knowledge Discovery \& Data Mining},
  pages={3220--3230},
  year={2021}
}

@article{shapelet,
  title={Time series shapelets: a novel technique that allows accurate, interpretable and fast classification},
  author={Ye, Lexiang and Keogh, Eamonn},
  journal={Data mining and knowledge discovery},
  volume={22},
  number={1},
  pages={149--182},
  year={2011},
  publisher={Springer}
}

@article{gat,
  title={Learning graph structures with transformer for multivariate time series anomaly detection in iot},
  author={Chen, Zekai and Chen, Dingshuo and Zhang, Xiao and Yuan, Zixuan and Cheng, Xiuzhen},
  journal={IEEE Internet of Things Journal},
  year={2021},
  publisher={IEEE}
}

@ARTICLE{deep-ant,
  author={Munir, Mohsin and Siddiqui, Shoaib Ahmed and Dengel, Andreas and Ahmed, Sheraz},
  journal={IEEE Access}, 
  title={DeepAnT: A Deep Learning Approach for Unsupervised Anomaly Detection in Time Series}, 
  year={2019},
  volume={7},
  number={},
  pages={1991-2005},
  doi={10.1109/ACCESS.2018.2886457}}

  @article{lstm-vae,
  title={A Multimodal Anomaly Detector for Robot-assisted Feeding Using an Lstm-based Variational Autoencoder},
  author={Park, Daehyung and Hoshi, Yuuna and Kemp, Charles C},
  journal={IEEE Robotics and Automation Letters},
  volume={3},
  number={3},
  pages={1544--1551},
  year={2018},
  publisher={IEEE}
}

@article{tranad,
  title={TranAD: Deep transformer networks for anomaly detection in multivariate time series data},
  author={Tuli, Shreshth and Casale, Giuliano and Jennings, Nicholas R},
  journal={arXiv preprint arXiv:2201.07284},
  year={2022}
}