@comment{% !Mode:: "TeX:UTF-8"}

@article{RN201,
  title={Malware Visualization Methods Based on Deep Convolution Neural Networks},
  author={REN, ZHUOJUN and CHEN, GUANG and LU, WENKE},
  journal={Multimedia Tools and Applications},
  volume={79},
  number={15},
  pages={10975--10993},
  year={2020},
  publisher={Springer}
}

@inproceedings{RN200,
  title={Graph Convolutional Networks for Text Classification},
  author={YAO, LIANG and MAO, CHENGSHENG and LUO, YUAN},
  booktitle={Proceedings of the AAAI conference on artificial intelligence},
  volume={33},
  number={01},
  pages={7370--7377},
  year={2019}
}

@article{2006Forecasting,
 author = {ROBERTS, RITA D and RUTLEDGE, STEVEN},
 journal = {Weather and Forecasting},
 number = {4},
 pages = {562--584},
 title = {Nowcasting Storm Initiation and Growth Using GOES-8 and WSR-88D Data},
 volume = {18},
 year = {2003}
}

@article{bengio1994learning,
 author = {BENGIO, YOSHUA and SIMARD, PATRICE and FRASCONI, PAOLO},
 journal = {IEEE Transactions on Neural Networks},
 number = {2},
 pages = {157--166},
 publisher = {IEEE},
 title = {Learning Long-term Dependencies with Gradient Descent is Difficult},
 volume = {5},
 year = {1994}
}

@article{carvalho2001satellite,
 author = {CARVALHO, LEILA MV and JONES, CHARLES},
 journal = {Journal of Applied Meteorology and Climatology},
 number = {10},
 pages = {1683--1701},
 publisher = {American Meteorological Society},
 title = {A Satellite Method To Identify Structural Properties of Mesoscale Convective Systems based on the Maximum Spatial Correlation Tracking Technique},
 volume = {40},
 year = {2001}
}

@article{chen2017deeplab,
 author = {CHEN, LIANG-CHIEH and PAPANDREOU, GEORGE and KOKKINOS, IASONAS and MURPHY, KEVIN and YUILLE, ALAN L},
 journal = {IEEE Transactions on Pattern Analysis and Machine Intelligence},
 number = {4},
 pages = {834--848},
 publisher = {IEEE},
 title = {Deeplab: Semantic Image Segmentation with Deep Convolutional Nets, Atrous Convolution, and Fully Connected Crfs},
 volume = {40},
 year = {2017}
}

@article{cho2014learning,
 author = {CHO, KYUNGHYUN and VAN MERRI{\"E}NBOER, BART and GULCEHRE, CAGLAR and BAHDANAU, DZMITRY and BOUGARES, FETHI and SCHWENK, HOLGER and BENGIO, YOSHUA},
 journal = {ArXiv Preprint ArXiv:1406.1078},
 pages = {1--12},
 title = {Learning Phrase Representations Using RNN Encoder-decoder for Statistical Machine Translation},
 year = {2014}
}

@article{garcia2011asynchronous,
 author = {GARC{\'\i}A-FERN{\'A}NDEZ, {\'A}nGEL F and GRAJAL, JES{\'u}S},
 journal = {Signal Processing},
 number = {10},
 pages = {2304--2313},
 publisher = {Elsevier},
 title = {Asynchronous Particle Filter for Tracking Using Non-synchronous Sensor Networks},
 volume = {91},
 year = {2011}
}

@article{han2019novel,
 author = {HAN, DAEHYEON and LEE, JUHYUN and IM, JUNGHO and SIM, SEONGMUN and LEE, SANGGYUN and HAN, HYANGSUN},
 journal = {Remote Sensing},
 number = {12},
 pages = {1454},
 publisher = {Multidisciplinary Digital Publishing Institute},
 title = {A Novel Framework of Detecting Convective Initiation Combining Automated Sampling, Machine Learning, and Repeated Model Tuning from Geostationary Satellite Data},
 volume = {11},
 year = {2019}
}

@inproceedings{hu2018squeeze,
 author = {HU, JIE and SHEN, LI and SUN, GANG},
 booktitle = {Proceedings of the IEEE Conference on Computer Vision and Pattern Recognition},
 pages = {7132--7141},
 title = {Squeeze-and-excitation Networks},
 year = {2018}
}

@inproceedings{huang2017densely,
 author = {HUANG, GAO and LIU, ZHUANG and VAN DER MAATEN, LAURENS and WEINBERGER, KILIAN Q},
 booktitle = {Proceedings of the IEEE Conference on Computer Vision and Pattern Recognition},
 pages = {4700--4708},
 title = {Densely Connected Convolutional Networks},
 year = {2017}
}

@article{hui2012nowcasting,
 author = {HUI, XU},
 journal = {Electronic Design Engineering},
 number = {21},
 pages = {40--42},
 title = {Nowcasting Convective Storm Initiation Using the Data of FY2C Box-averaging Method},
 volume = {20},
 year = {2012}
}

@article{jewett2013adjusting,
 author = {JEWETT, CHRISTOPHER P and MECIKALSKI, JOHN R},
 journal = {Journal of Geophysical Research: Atmospheres},
 number = {22},
 pages = {12--649},
 publisher = {Wiley Online Library},
 title = {Adjusting Thresholds of Satellite-based Convective Initiation Interest Fields based on the Cloud Environment},
 volume = {118},
 year = {2013}
}

@article{ji20123d,
 author = {JI, SHUIWANG and XU, WEI and YANG, MING and YU, KAI},
 journal = {IEEE Transactions on Pattern Analysis and Machine Intelligence},
 number = {1},
 pages = {221--231},
 publisher = {IEEE},
 title = {3D Convolutional Neural Networks for Human Action Recognition},
 volume = {35},
 year = {2012}
}

@article{lecun1989backpropagation,
 author = {LECUN, YANN and BOSER, BERNHARD and DENKER, JOHN S and HENDERSON, DONNIE and HOWARD, RICHARD E and HUBBARD, WAYNE and JACKEL, LAWRENCE D},
 journal = {Neural Computation},
 number = {4},
 pages = {541--551},
 publisher = {MIT Press},
 title = {Backpropagation Applied To Handwritten Zip Code Recognition},
 volume = {1},
 year = {1989}
}

@inproceedings{li2019attention,
 author = {LI, YANWEI and CHEN, XINZE and ZHU, ZHENG and XIE, LINGXI and HUANG, GUAN and DU, DALONG and WANG, XINGANG},
 booktitle = {Proceedings of the IEEE/CVF Conference on Computer Vision and Pattern Recognition},
 pages = {7026--7035},
 title = {Attention-guided Unified Network for Panoptic Segmentation},
 year = {2019}
}

@inproceedings{liang2015recurrent,
 author = {LIANG, MING and HU, XIAOLIN},
 booktitle = {Proceedings of the IEEE Conference on Computer Vision and Pattern Recognition},
 pages = {3367--3375},
 title = {Recurrent Convolutional Neural Network for Object Recognition},
 year = {2015}
}

@inproceedings{lin2017feature,
 author = {LIN, TSUNG-YI and DOLL{\'a}R, PIOTR and GIRSHICK, ROSS and HE, KAIMING and HARIHARAN, BHARATH and BELONGIE, SERGE},
 booktitle = {Proceedings of the IEEE Conference on Computer Vision and Pattern Recognition},
 pages = {2117--2125},
 title = {Feature Pyramid Networks for Object Detection},
 year = {2017}
}

@inproceedings{lin2017focal,
 author = {LIN, TSUNG-YI and GOYAL, PRIYA and GIRSHICK, ROSS and HE, KAIMING and DOLL{\'a}R, PIOTR},
 booktitle = {Proceedings of the IEEE International Conference on Computer Vision},
 pages = {2980--2988},
 title = {Focal Loss for Dense Object Detection},
 year = {2017}
}

@article{liu2015new,
 author = {LIU, YU and XI, DU-GANG and LI, ZHAO-LIANG and HONG, YANG},
 journal = {Journal of Hydrology},
 pages = {354--364},
 publisher = {Elsevier},
 title = {A New Methodology for Pixel-quantitative Precipitation Nowcasting Using A Pyramid Lucas Kanade Optical Flow Approach},
 volume = {529},
 year = {2015}
}

@inproceedings{long2015fully,
 author = {LONG, JONATHAN and SHELHAMER, EVAN and DARRELL, TREVOR},
 booktitle = {Proceedings of the IEEE Conference on Computer Vision and Pattern Recognition},
 pages = {3431--3440},
 title = {Fully Convolutional Networks for Semantic Segmentation},
 year = {2015}
}

@article{mecikalski2006forecasting,
 author = {MECIKALSKI, JOHN R and BEDKA, KRISTOPHER M},
 journal = {Monthly Weather Review},
 number = {1},
 pages = {49--78},
 title = {Forecasting Convective Initiation by Monitoring the Evolution of Moving Cumulus in Daytime GOES Imagery},
 volume = {134},
 year = {2006}
}

@article{mecikalski2015probabilistic,
 author = {MECIKALSKI, JOHN R and WILLIAMS, JOHN K and JEWETT, CHRISTOPHER P and AHIJEVYCH, DAVID and LEROY, ANITA and WALKER, JOHN R},
 journal = {Journal of Applied Meteorology and Climatology},
 number = {5},
 pages = {1039--1059},
 publisher = {American Meteorological Society},
 title = {Probabilistic 0--1-h Convective Initiation Nowcasts That Combine Geostationary Satellite Observations and Numerical Weather Prediction Model Data},
 volume = {54},
 year = {2015}
}

@inproceedings{morel2000rapid,
 author = {MOREL, C and S{\'e}N{\'E}SI, S and AUTONES, F and LABATUT, L},
 booktitle = {Proceedings of the 2000 Meteorological Satellite Data Users’ Conference},
 pages = {698--705},
 title = {The Rapid Developing Thunderstorms (RDT) Product of the Nowcasting SAF. Prototyping Activities and Quality Assessment Using GOES Images},
 year = {2000}
}

@inproceedings{morel2002building,
 author = {MOREL, C and S{\'e}N{\'E}SI, S and AUTONES, F},
 booktitle = {Proceedings of the 2002 Meteorological Satellite Data Users’ Conference},
 pages = {248--255},
 title = {Building Upon SAF-NWC Products: Use of the Rapid Developing Thunderstorms (RDT) Product in M{\'e}t{\'e}o-France Nowcasting Tools},
 year = {2002}
}

@inproceedings{pinheiro2014recurrent,
 author = {PINHEIRO, PEDRO and COLLOBERT, RONAN},
 booktitle = {Proceedings of the International Conference on Machine Learning},
 organization = {PMLR},
 pages = {82--90},
 title = {Recurrent Convolutional Neural Networks for Scene Labeling},
 year = {2014}
}

@inproceedings{RN1,
 author = {VASWANI, ASHISH and SHAZEER, NOAM and PARMAR, NIKI and USZKOREIT, JAKOB and JONES, LLION and GOMEZ, AIDAN N and KAISER, ŁUKASZ and POLOSUKHIN, ILLIA},
 booktitle = {Advances in Neural Information Processing Systems},
 pages = {5998-6008},
 title = {Attention is All You Need},
 type = {Conference Proceedings}
}

@inproceedings{RN10,
 author = {SAMANTRAY, OM PRAKASH and TRIPATHY, SATYA NARAYAN and DAS, SUSANTA KUMAR},
 booktitle = {Proceedings of the 2019 IEEE International Conference on System, Computation, Automation and Networking},
 pages = {1-5},
 publisher = {IEEE},
 year = {2019},
 title = {{Notice of Violation of IEEE Publication Principles: A Study to Understand Malware Behavior Through Malware Analysis}},
 type = {Conference Proceedings}
}

@inproceedings{RN100,
 author = {PHANDI, PETER and SILVA, AMILA and LU, WEI},
 booktitle = {Proceedings of the 12th International Workshop on Semantic Evaluation},
 pages = {697--706},
 title = {SemEval-2018 Task 8: Semantic Extraction from CybersecUrity REports Using Natural Language Processing (SecureNLP)},
 year = {2018}
}

@article{RN101,
 author = {PADIA, ANKUR and ROY, ARPITA and SATYAPANICH, TANEEYA W and FERRARO, FRANCIS and PAN, SHIMEI and PARK, YOUNGJA and JOSHI, ANUPAM and FININ, TIM},
 journal = {UMBC Computer Science and Electrical Engineering Department},
 pages = {1--12},
 title = {UMBC at SemEval-2018 Task 8: Understanding Text about Malware},
 year = {2018}
}

@inproceedings{RN102,
 author = {LOYOLA, PABLO and GAJANANAN, KUGAMOORTHY and WATANABE, YUJI and SATOH, FUMIKO},
 booktitle = {Proceedings of the 12th International Workshop on Semantic Evaluation},
 pages = {885--889},
 title = {Villani at Semeval-2018 Task 8: Semantic Extraction from Cybersecurity Reports Using Representation Learning},
 year = {2018}
}

@inproceedings{RN103,
 author = {SIKDAR, UTPAL KUMAR and BARIK, BISWANATH and GAMB{\"A}CK, BJ{\"O}RN},
 booktitle = {Proceedings of the 12th International Workshop on Semantic Evaluation},
 pages = {890--893},
 title = {Flytxt\_ntnu at Semeval-2018 Task 8: Identifying and Classifying Malware Text Using Conditional Random Fields and Na{\"\i}ve Bayes Classifiers},
 year = {2018}
}

@inproceedings{RN104,
 author = {FU, MINGMING and ZHAO, XUEMIN and YAN, YONGHONG},
 booktitle = {Proceedings of the 12th International Workshop on Semantic Evaluation},
 pages = {874--877},
 title = {Hccl at Semeval-2018 Task 8: An End-to-end System for Sequence Labeling from Cybersecurity Reports},
 year = {2018}
}

@inproceedings{RN105,
 author = {BREW, CHRIS},
 booktitle = {Proceedings of the 12th International Workshop on Semantic Evaluation},
 pages = {894--897},
 title = {Digital Operatives at SemEval-2018 Task 8: Using Dependency Features for Malware NLP},
 year = {2018}
}

@inproceedings{RN106,
 author = {MANIKANDAN, R and MADGULA, KRISHNA and SAHA, SNEHANSHU},
 booktitle = {Proceedings of the 12th International Workshop on Semantic Evaluation},
 pages = {868--873},
 title = {TeamDL at SemEval-2018 Task 8: Cybersecurity Text Analysis Using Convolutional Neural Network and Conditional Random Fields},
 year = {2018}
}

@inproceedings{RN107,
 author = {AVLLAZAGAJ, ERIN and ZHU, ZIYUN and BILGE, LEYLA and BALZAROTTI, DAVIDE and DUMITRAȘ, TUDOR},
 booktitle = {Proceedings of the 30th USENIX Security Symposium},
 pages = {3487--3504},
 title = {When Malware Changed Its Mind: An Empirical Study of Variable Program Behaviors in the Real World},
 year = {2021}
}

@inproceedings{RN108,
 author = {PENDLEBURY, FEARGUS and PIERAZZI, FABIO and JORDANEY, ROBERTO and KINDER, JOHANNES and CAVALLARO, LORENZO},
 booktitle = {28th USENIX Security Symposium},
 pages = {729--746},
 title = {$\{$TESSERACT$\}$: Eliminating Experimental Bias in Malware Classification Across Space and Time},
 year = {2019}
}

@inproceedings{RN109,
 author = {ALRAWI, OMAR and IKE, MOSES and PRUETT, MATTHEW and KASTURI, RANJITA PAI and BARUA, SRIMANTA and HIRANI, TALEB and HILL, BRENNAN and SALTAFORMAGGIO, BRENDAN},
 booktitle = {Proceedings of the 30th USENIX Security Symposium},
 pages = {3523--3540},
 title = {Forecasting Malware Capabilities From Cyber Attack Memory Images},
 year = {2021}
}


@article{RN11,
 author = {宋文纳 and 彭国军 and 傅建明 and 张焕国 and 陈施旅},
 journal = {软件学报},
 language = {zh},
 number = {8},
 pages = {2229-2267},
 title = {恶意代码演化与溯源技术研究},
 type = {Journal Article},
 volume = {30},
 year = {2019}
}

@inproceedings{RN110,
 author = {WANG, QI and HASSAN, WAJIH UL and LI, DING and JEE, KANGKOOK and YU, XIAO and ZOU, KEXUAN and RHEE, JUNGHWAN and CHEN, ZHENGZHANG and CHENG, WEI and GUNTER, CARL A and OTHERS},
 booktitle = {Proceedings of the Network and Distributed System Security Symposium},
 pages = {1--12},
 title = {You Are What You Do: Hunting Stealthy Malware Via Data Provenance Analysis.},
 year = {2020}
}

@inproceedings{RN111,
 author = {PACCAGNELLA, RICCARDO and DATTA, PUBALI and HASSAN, WAJIH UL and BATES, ADAM and FLETCHER, CHRISTOPHER and MILLER, ANDREW and TIAN, DAVE},
 booktitle = {Proceedings of the Network and Distributed System Security Symposium},
 pages = {1--12},
 title = {Custos: Practical Tamper-evident Auditing of Operating Systems Using Trusted Execution},
 year = {2020}
}

@article{RN112,
 author = {杨频 and 朱悦 and 张磊},
 journal = {信息安全研究},
 language = {zh},
 number = {3},
 pages = {226},
 title = {基于属性数据流图的恶意代码家族分类},
 volume = {6},
 year = {2020}
}

@inproceedings{RN113,
 author = {YAN, JIAQI and YAN, GUANHUA and JIN, DONG},
 booktitle = {Proceedings of the 2019 49th Annual IEEE/IFIP International Conference on Dependable Systems and Networks},
 organization = {IEEE},
 pages = {52--63},
 title = {Classifying Malware Represented as Control Flow Graphs Using Deep Graph Convolutional Neural Network},
 year = {2019}
}

@article{RN114,
 author = {HE, YILING and LIU, YIPING and WU, LEI and YANG, ZIQI and REN, KUI and QIN, ZHAN},
 journal = {IEEE Transactions on Dependable and Secure Computing},
 pages = {1--12},
 publisher = {IEEE},
 title = {{MsDroid: Identifying Malicious Snippets for Android Malware Detection}},
 year = {2022}
}

@article{RN115,
 author = {LI, CHAORAN and CHEN, XIAO and WANG, DERUI and WEN, SHENG and AHMED, MUHAMMAD EJAZ and CAMTEPE, SEYIT and XIANG, YANG},
 journal = {IEEE Transactions on Dependable and Secure Computing},
 pages = {1--12},
 publisher = {IEEE},
 title = {Backdoor Attack on Machine Learning Based Android Malware Detectors},
 year = {2021}
}

@inproceedings{RN116,
 author = {ZHANG, XIAOHAN and ZHANG, YUAN and ZHONG, MING and DING, DAIZONG and CAO, YINZHI and ZHANG, YUKUN and ZHANG, MI and YANG, MIN},
 booktitle = {Proceedings of the 2020 ACM SIGSAC Conference on Computer and Communications Security},
 pages = {757--770},
 title = {Enhancing State-of-the-art Classifiers with Api Semantics to Detect Evolved Android Malware},
 year = {2020}
}

@article{RN117,
 author = {FAN, MING and WEI, WENYING and XIE, XIAOFEI and LIU, YANG and GUAN, XIAOHONG and LIU, TING},
 journal = {IEEE Transactions on Information Forensics and Security},
 pages = {838--853},
 publisher = {IEEE},
 title = {Can We Trust Your Explanations? Sanity Checks for Interpreters in Android Malware Analysis},
 volume = {16},
 year = {2020}
}

@article{RN118,
 author = {ZHANG, LAN and LIU, PENG and CHOI, YOONHO and CHEN, PING},
 journal = {IEEE Transactions on Dependable and Secure Computing},
 pages = {1--12},
 publisher = {IEEE},
 title = {Semantics-preserving Reinforcement Learning Attack Against Graph Neural Networks for Malware Detection},
 year = {2022}
}

@article{RN119,
 author = {ABUSNAINA, AHMED and ABUHAMAD, MOHAMMED and ALASMARY, HISHAM and ANWAR, AFSAH and JANG, RHONGHO and SALEM, SAEED and NYANG, DAEHUN and MOHAISEN, DAVID},
 journal = {IEEE Transactions on Dependable and Secure Computing},
 pages = {1--12},
 publisher = {IEEE},
 title = {DL-FHMC: Deep Learning-based Fine-grained Hierarchical Learning Approach for Robust Malware Classification},
 year = {2021}
}

@inproceedings{RN12,
 author = {SAXE, JOSHUA and BERLIN, KONSTANTIN},
 booktitle = {2015 10th International Conference on Malicious and Unwanted Software (MALWARE)},
 isbn = {1509003193},
 pages = {11-20},
 publisher = {IEEE},
 title = {Deep Neural Network based Malware Detection Using Two Dimensional Binary Program Features},
 type = {Conference Proceedings}
}

@article{RN120,
 author = {MINAEE, SHERVIN and KALCHBRENNER, NAL and CAMBRIA, ERIK and NIKZAD, NARJES and CHENAGHLU, MEYSAM and GAO, JIANFENG},
 journal = {ACM Computing Surveys},
 number = {3},
 pages = {1--40},
 publisher = {ACM New York, NY, USA},
 title = {Deep Learning--based Text Classification: A Comprehensive Review},
 volume = {54},
 year = {2021}
}

@article{RN121,
 author = {CHEN, XIAOHUI and HAO, ZHIYU and LI, LUN and CUI, LEI and ZHU, YIRAN and DING, ZHENQUAN and LIU, YONGJI},
 journal = {IEEE Transactions on Information Forensics and Security},
 pages = {788--803},
 publisher = {IEEE},
 title = {CruParamer: Learning on Parameter-Augmented API Sequences for Malware Detection},
 volume = {17},
 year = {2022}
}

@article{RN122,
 author = {PINHERO, ANSON and ANUPAMA, ML and VINOD, P and VISAGGIO, CORRADO AARON and ANEESH, N and ABHIJITH, S and ANANTHAKRISHNAN, S},
 journal = {Computers \& Security},
 pages = {102247},
 publisher = {Elsevier},
 title = {Malware Detection Employed by Visualization and Deep Neural Network},
 volume = {105},
 year = {2021}
}

@article{RN123,
 author = {SALEM, ALEIELDIN and BANESCU, SEBASTIAN and PRETSCHNER, ALEXANDER},
 journal = {ACM Transactions on Privacy and Security},
 number = {4},
 pages = {1--35},
 publisher = {ACM New York, NY, USA},
 title = {Maat: Automatically Analyzing Virustotal for Accurate Labeling and Effective Malware Detection},
 volume = {24},
 year = {2021}
}

@article{RN124,
 author = {LI, DEQIANG and LI, QIANMU},
 journal = {IEEE Transactions on Information Forensics and Security},
 pages = {3886--3900},
 publisher = {IEEE},
 title = {Adversarial Deep Ensemble: Evasion Attacks and Defenses for Malware Detection},
 volume = {15},
 year = {2020}
}

@article{RN125,
 author = {LI, DEQIANG and LI, QIANMU},
 journal = {IEEE Transactions on Information Forensics and Security},
 pages = {3886--3900},
 publisher = {IEEE},
 title = {Adversarial Deep Ensemble: Evasion Attacks and Defenses for Malware Detection},
 volume = {15},
 year = {2020}
}

@article{RN126,
 author = {FENG, RUITAO and CHEN, SEN and XIE, XIAOFEI and MENG, GUOZHU and LIN, SHANG-WEI and LIU, YANG},
 journal = {IEEE Transactions on Information Forensics and Security},
 pages = {1563--1578},
 publisher = {IEEE},
 title = {A Performance-sensitive Malware Detection System Using Deep Learning on Mobile Devices},
 volume = {16},
 year = {2020}
}

@article{RN127,
 author = {KRAVCHIK, MOSHE and SHABTAI, ASAF},
 journal = {IEEE Transactions on Dependable and Secure Computing},
 pages = {1--12},
 publisher = {IEEE},
 title = {Efficient Cyber Attack Detection in Industrial Control Systems Using Lightweight Neural Networks and PCA},
 year = {2021}
}

@article{RN128,
 author = {XU, JIAYUN and LI, YINGJIU and DENG, ROBERT and XU, KE},
 journal = {IEEE Transactions on Dependable and Secure Computing},
 pages = {1--12},
 publisher = {IEEE},
 title = {SDAC: A Slow-aging Solution for Android Malware Detection Using Semantic Distance Based API Clustering},
 year = {2020}
}

@article{RN129,
 author = {DEMETRIO, LUCA and COULL, SCOTT E and BIGGIO, BATTISTA and LAGORIO, GIOVANNI and ARMANDO, ALESSANDRO and ROLI, FABIO},
 journal = {ACM Transactions on Privacy and Security},
 number = {4},
 pages = {1--31},
 publisher = {ACM New York, NY, USA},
 title = {Adversarial Exemples: A Survey and Experimental Evaluation of Practical Attacks on Machine Learning for Windows Malware Detection},
 volume = {24},
 year = {2021}
}

@article{RN13,
 author = {UCCI, D and ANIELLO, L and BALDONI, R},
 journal = {ArXiv Preprint ArXiv:1710.08189},
 pages = {1--12},
 title = {Survey on the Usage of Machine Learning Techniques for Malware Analysis. ArXiv 2017},
 type = {Journal Article}
}

@article{RN130,
 author = {卢喜东 and 段哲民 and 钱叶魁 and 周巍},
 journal = {软件学报},
 language = {zh},
 number = {5},
 pages = {1454--1464},
 title = {一种基于深度森林的恶意代码分类方法},
 volume = {31},
 year = {2020}
}

@article{RN131,
 author = {李鹏伟 and 姜宇谦 and 薛飞扬 and 黄佳佳 and 徐超},
 journal = {电子学报},
 language = {zh},
 number = {8},
 pages = {1502},
 title = {一种基于深度学习的强对抗性 Android 恶意代码检测方法},
 volume = {48},
 year = {2020}
}

@article{RN132,
 author = {冀甜甜 and 方滨兴 and 崔翔 and 王忠儒 and 甘蕊灵 and 韩宇 and 余伟强},
 journal = {计算机学报},
 language = {zh},
 number = {4},
 pages = {669--695},
 title = {深度学习赋能的恶意代码攻防研究进展},
 volume = {44},
 year = {2021}
}

@inproceedings{RN133,
 author = {WANG, GUANGBIN and DING, YUXIN and XIE, ZHIBIN and MA, YUBIN and ZHOU, ZIHAN and QIAN, WEN},
 booktitle = {Proceedings of the 2022 International Joint Conference on Neural Networks},
 organization = {IEEE},
 pages = {1--8},
 title = {RotatGAT: Learning Knowledge Graph Embedding with Translation Assumptions and Graph Attention Networks},
 year = {2022}
}

@article{RN14,
 author = {YAN, JINPEI and QI, YONG and RAO, QIFAN},
 issn = {1939-0114},
 journal = {Security and Communication Networks},
 pages = {1--12},
 title = {LSTM-based Hierarchical Denoising Network for Android Malware Detection},
 type = {Journal Article},
 volume = {2018},
 year = {2018}
}

@article{RN15,
 author = {LU, RENJIE},
 journal = {ArXiv Preprint ArXiv:1906.04593},
 pages = {1--12},
 title = {Malware Detection with Lstm Using Opcode Language},
 type = {Journal Article},
 year = {2019}
}

@article{RN16,
 author = {RHODE, MATILDA and BURNAP, PETE and JONES, KEVIN},
 issn = {0167-4048},
 journal = {Computers \& Security},
 pages = {578-594},
 title = {Early-stage Malware Prediction Using Recurrent Neural Networks},
 type = {Journal Article},
 volume = {77},
 year = {2018}
}

@article{RN17,
 author = {KIM, TAEGUEN and KANG, BOOJOONG and RHO, MINA and SEZER, SAKIR and IM, EUL GYU},
 issn = {1556-6013},
 journal = {IEEE Transactions on Information Forensics and Security},
 number = {3},
 pages = {773-788},
 title = {A Multimodal Deep Learning Method for Android Malware Detection Using Various Features},
 type = {Journal Article},
 volume = {14},
 year = {2018}
}

@article{RN18,
 author = {LEI, TAO and QIN, ZHAN and WANG, ZHIBO and LI, QI and YE, DENGPAN},
 issn = {2327-4662},
 journal = {IEEE Internet of Things Journal},
 number = {4},
 pages = {6668-6680},
 title = {EveDroid: Event-aware Android Malware Detection Against Model Degrading for IoT Devices},
 type = {Journal Article},
 volume = {6},
 year = {2019}
}

@article{RN19,
 author = {ZHU, HUIJUAN and LI, YANG and LI, RUIDONG and LI, JIANQIANG and YOU, ZHUHONG and SONG, HOUBING},
 issn = {2327-4697},
 journal = {IEEE Transactions on Network Science and Engineering},
 number = {2},
 pages = {984-994},
 title = {SEDMDroid: An Enhanced Stacking Ensemble Framework for Android Malware Detection},
 type = {Journal Article},
 volume = {8},
 year = {2020}
}

@article{RN2,
 author = {AMER, ESLAM and ZELINKA, IVAN},
 issn = {0167-4048},
 journal = {Computers \& Security},
 pages = {101760},
 title = {A Dynamic Windows Malware Detection and Prediction Method based on Contextual Understanding of Api Call Sequence},
 type = {Journal Article},
 volume = {92},
 year = {2020}
}

@article{RN20,
 author = {KUMAR, RAJESH and ZHANG, XIAOSONG and KHAN, RIAZ ULLAH and SHARIF, ABUBAKAR},
 journal = {Applied Sciences},
 number = {2},
 pages = {277},
 title = {Research on Data Mining of Permission-induced Risk for Android IoT Devices},
 type = {Journal Article},
 volume = {9},
 year = {2019}
}

@article{RN21,
 author = {SU, XIN and XIAO, LIJUN and LI, WENJIA and LIU, XUCHONG and LI, KUAN-CHING and LIANG, WEI},
 journal = {Applied Sciences},
 number = {11},
 pages = {3978},
 title = {DroidPortrait: Android Malware Portrait Construction Based on Multidimensional Behavior Analysis},
 type = {Journal Article},
 volume = {10},
 year = {2020}
}

@article{RN23,
 author = {UCCI, DANIELE and ANIELLO, LEONARDO and BALDONI, ROBERTO},
 issn = {0167-4048},
 journal = {Computers \& Security},
 pages = {123-147},
 title = {{Survey of Machine Learning Techniques for Malware Analysis}},
 type = {Journal Article},
 volume = {81},
 year = {2019}
}

@inproceedings{RN24,
 author = {DAVID, OMID E and NETANYAHU, NATHAN S},
 booktitle = {2015 International Joint Conference on Neural Networks (IJCNN)},
 isbn = {1479919608},
 pages = {1-8},
 publisher = {IEEE},
 title = {Deepsign: Deep Learning for Automatic Malware Signature Generation and Classification},
 type = {Conference Proceedings}
}

@inproceedings{RN25,
 author = {PASCANU, RAZVAN and STOKES, JACK W and SANOSSIAN, HERMINEH and MARINESCU, MADY and THOMAS, ANIL},
 booktitle = {Proceedings of the 2015 IEEE International Conference on Acoustics, Speech and Signal Processing},
 pages = {1916-1920},
 year = {2015},
 title = {Malware Classification with Recurrent Networks},
 type = {Conference Proceedings}
}

@inproceedings{RN26,
 author = {ATHIWARATKUN, BEN and STOKES, JACK W},
 booktitle = {Proceedings of the 2017 IEEE International Conference on Acoustics, Speech and Signal Processing},
 pages = {2482-2486},
 year = {2017}, 
 title = {Malware Classification with LSTM and GRU Language Models and a Character-level CNN},
 type = {Conference Proceedings}
}

@inproceedings{RN27,
 author = {AGRAWAL, RAKSHIT and STOKES, JACK W and MARINESCU, MADY and SELVARAJ, KARTHIK},
 booktitle = {Proceedings of the 2018 IEEE International Conference on Acoustics, Speech and Signal Processing},
 pages = {2656-2660},
 year = {2018},
 title = {Neural Sequential Malware Detection with Parameters},
 type = {Conference Proceedings}
}

@inproceedings{RN28,
 author = {JINDAL, CHANI and SALLS, CHRISTOPHER and AGHAKHANI, HOJJAT and LONG, KEITH and KRUEGEL, CHRISTOPHER and VIGNA, GIOVANNI},
 booktitle = {Proceedings of the 35th Annual Computer Security Applications Conference},
 pages = {444-455},
 title = {Neurlux: Dynamic Malware Analysis without Feature Engineering},
 type = {Conference Proceedings}
}

@article{RN29,
 author = {LIN, ZHAOWEN and XIAO, FEI and SUN, YI and MA, YAN and XING, CONG-CONG and HUANG, JUN},
 issn = {1976-7277},
 journal = {KSII Transactions on Internet and Information Systems},
 number = {4},
 pages = {1799-1818},
 title = {A Secure Encryption-based Malware Detection System},
 type = {Journal Article},
 volume = {12},
 year = {2018}
}

@article{RN3,
 author = {HAN, ZHEN-HUI and CHEN, XING-SHU and ZENG, XUE-MEI and ZHU, YI and YIN, MING-YONG},
 issn = {0010-4620},
 journal = {The Computer Journal},
 number = {12},
 pages = {1777-1792},
 title = {Detecting Proxy User Based on Communication Behavior Portrait},
 type = {Journal Article},
 volume = {62},
 year = {2019}
}

@inproceedings{RN32,
 author = {ZELINKA, IVAN and AMER, ESLAM},
 booktitle = {Mendel},
 isbn = {2571-3701},
 pages = {1-10},
 title = {An Ensemble-based Malware Detection Model Using Minimum Feature Set},
 type = {Conference Proceedings},
 volume = {25}
}

@article{RN33,
 author = {FIRDAUS, AHMAD and ANUAR, NOR BADRUL and RAZAK, MOHD FAIZAL AB and SANGAIAH, ARUN KUMAR},
 issn = {1573-7721},
 journal = {Multimedia Tools and Applications},
 number = {14},
 pages = {17519-17555},
 title = {Bio-inspired Computational Paradigm for Feature Investigation and Malware Detection: Interactive Analytics},
 type = {Journal Article},
 volume = {77},
 year = {2018}
}

@inbook{RN34,
 author = {NADEEM, AZQA and HAMMERSCHMIDT, CHRISTIAN and GAÑÁN, CARLOS H and VERWER, SICCO},
 booktitle = {Malware Analysis Using Artificial Intelligence and Deep Learning},
 pages = {381-409},
 publisher = {Springer},
 title = {{Beyond Labeling: Using Clustering To Build Network Behavioral Profiles of Malware Families}},
 type = {Book Section},
 year = {2021}
}

@inproceedings{RN35,
 author = {CHAUHAN, ANIRUDDHA and DIDDEE, HARSHITA},
 booktitle = {Proceedings of the Fourteenth Workshop on Semantic Evaluation},
 pages = {1779-1785},
 year = {2020},
 title = {Psuedoprop at Semeval-2020 Task 11: Propaganda Span Detection Using Bert-crf and Ensemble Sentence Level Classifier},
 type = {Conference Proceedings}
}

@article{RN36,
 author = {JOULIN, ARMAND and GRAVE, EDOUARD and BOJANOWSKI, PIOTR and DOUZE, MATTHIJS and JÉGOU, HÉRVE and MIKOLOV, TOMAS},
 journal = {ArXiv Preprint ArXiv:1612.03651},
 pages = {1--12},
 title = {Fasttext. Zip: Compressing Text Classification Models},
 type = {Journal Article},
 year = {2016}
}

@article{RN37,
 author = {GUO, BAO and ZHANG, CHUNXIA and LIU, JUNMIN and MA, XIAOYI},
 issn = {0925-2312},
 journal = {Neurocomputing},
 pages = {366-374},
 title = {Improving Text Classification with Weighted Word Embeddings Via A Multi-channel TextCNN Model},
 type = {Journal Article},
 volume = {363},
 year = {2019}
}

@inproceedings{RN38,
 author = {YAO, LIANG and MAO, CHENGSHENG and LUO, YUAN},
 booktitle = {Proceedings of the AAAI Conference on Artificial Intelligence},
 isbn = {2374-3468},
 pages = {7370-7377},
 title = {Graph Convolutional Networks for Text Classification},
 type = {Conference Proceedings},
 volume = {33}
}

@inproceedings{RN4,
 author = {GU, HAIQIAN and WANG, JIE and WANG, ZIWEN and ZHUANG, BOJIN and SU, FEI},
 booktitle = {2018 IEEE International Conference on Multimedia and Expo (ICME)},
 isbn = {1538617374},
 pages = {1-6},
 publisher = {IEEE},
 title = {Modeling of User Portrait Through Social Media},
 type = {Conference Proceedings}
}

@inproceedings{RN40,
 author = {PENG, HAO and LI, JIANXIN and HE, YU and LIU, YAOPENG and BAO, MENGJIAO and WANG, LIHONG and SONG, YANGQIU and YANG, QIANG},
 booktitle = {Proceedings of the 2018 World Wide Web Conference},
 pages = {1063-1072},
 title = {Large-scale Hierarchical Text Classification with Recursively Regularized Deep Graph-cnn},
 type = {Conference Proceedings}
}

@article{RN41,
 author = {ES-SABERY, FATIMA and HAIR, ABDELLATIF and QADIR, JUNAID and SAINZ-DE-ABAJO, BEATRIZ and GARCÍA-ZAPIRAIN, BEGOÑA and DE LA TORRE-DÍEZ, ISABEL},
 issn = {2169-3536},
 journal = {IEEE Access},
 pages = {17943-17985},
 title = {Sentence-level Classification Using Parallel Fuzzy Deep Learning Classifier},
 type = {Journal Article},
 volume = {9},
 year = {2021}
}

@article{RN42,
 author = {GONÇALVES, SÉRGIO and CORTEZ, PAULO and MORO, SÉRGIO},
 issn = {1433-3058},
 journal = {Neural Computing and Applications},
 number = {11},
 pages = {6793-6807},
 title = {A Deep Learning Classifier for Sentence Classification in Biomedical and Computer Science Abstracts},
 type = {Journal Article},
 volume = {32},
 year = {2020}
}

@article{RN43,
 author = {BANIN, SERGII},
 issn = {3030625818},
 journal = {Malware Analysis Using Artificial Intelligence and Deep Learning},
 pages = {1--12},
 title = {Fast and Straightforward Feature Selection Method: A Case of High-Dimensional Low Sample Size Dataset in Malware Analysis},
 type = {Journal Article},
 year = {2021}
}


@article{RN45,
 author = {RHEIN, ALEXANDER VON and LIEBIG, JÖRG and JANKER, ANDREAS and KÄSTNER, CHRISTIAN and APEL, SVEN},
 issn = {1049-331X},
 journal = {ACM Transactions on Software Engineering and Methodology (TOSEM)},
 number = {4},
 pages = {1-33},
 title = {Variability-aware Static Analysis at Scale: An Empirical Study},
 type = {Journal Article},
 volume = {27},
 year = {2018}
}

@article{RN46,
 author = {NAIK, NITIN and JENKINS, PAUL and SAVAGE, NICK and YANG, LONGZHI and BOONGOEN, TOSSAPON and IAM-ON, NATTHAKAN},
 issn = {2666-2817},
 journal = {Forensic Science International: Digital Investigation},
 pages = {301139},
 title = {Fuzzy-import Hashing: A Static Analysis Technique for Malware Detection},
 type = {Journal Article},
 volume = {37},
 year = {2021}
}

@inbook{RN47,
 author = {YADAV, BALRAM and TOKEKAR, SANJIV},
 booktitle = {Malware Analysis Using Artificial Intelligence and Deep Learning},
 pages = {163-205},
 publisher = {Springer},
 title = {Deep Learning in Malware Identification and Classification},
 type = {Book Section},
 year = {2021}
}

@article{RN48,
 author = {AMER, ESLAM and ZELINKA, IVAN},
 issn = {0167-4048},
 journal = {Computers \& Security},
 pages = {101760},
 title = {A Dynamic Windows Malware Detection and Prediction Method based on Contextual Understanding of Api Call Sequence},
 type = {Journal Article},
 volume = {92},
 year = {2020}
}

@inproceedings{RN49,
 author = {JINDAL, CHANI and SALLS, CHRISTOPHER and AGHAKHANI, HOJJAT and LONG, KEITH and KRUEGEL, CHRISTOPHER and VIGNA, GIOVANNI},
 booktitle = {Proceedings of the 35th Annual Computer Security Applications Conference},
 pages = {444-455},
 year = {2019},
 title = {Neurlux: Dynamic Malware Analysis Without Feature Engineering},
 type = {Conference Proceedings}
}

@article{RN5,
 author = {ZHANG, YANG and MEKKY, HESHAM and ZHANG, ZHI‐LI and TORRES, RUBEN and LEE, SUNG‐JU and TONGAONKAR, ALOK and MELLIA, MARCO},
 issn = {1055-7148},
 journal = {International Journal of Network Management},
 number = {5},
 pages = {306-319},
 title = {Detecting Malicious Activities with User‐agent‐based Profiles},
 type = {Journal Article},
 volume = {25},
 year = {2015}
}

@article{RN50,
 author = {HUANG, YI-TING and CHEN, TING-YI and SUN, YEALI S and CHEN, MENG CHANG},
 journal = {ArXiv Preprint ArXiv:1912.07250},
 pages = {1--12},
 title = {Learning Malware Representation based on Execution Sequences},
 type = {Journal Article},
 year = {2019}
}

@article{RN51,
 author = {张岚 and 来耀 and 叶晓俊},
 issn = {1002-137X},
 journal = {计算机科学},
 language = {zh},
 number = {12},
 pages = {132-137},
 title = {基于注意力机制的恶意软件调用序列检测},
 type = {Journal Article},
 volume = {46},
 year = {2019}
}

@inproceedings{RN53,
 author = {WANG, SHEN and PHILIP, S YU},
 booktitle = {Proceedings of the 2019 IEEE International Conference on Big Data},
 isbn = {1728108586},
 pages = {5401-5408},
 title = {Heterogeneous Graph Matching Networks: Application To Unknown Malware Detection},
 type = {Conference Proceedings}
}

@inproceedings{RN54,
 author = {HUANG, YI-TING and CHEN, YU-YUAN and YANG, CHIH-CHUN and SUN, YEALI and HSIAO, SHUN-WEN and CHEN, MENG CHANG},
 booktitle = {Australasian Conference on Information Security and Privacy},
 pages = {660-668},
 publisher = {Springer},
 title = {Tagging Malware Intentions by Using Attention-Based Sequence-to-Sequence Neural Network},
 type = {Conference Proceedings}
}

@book{RN56,
 author = {SIKORSKI, MICHAEL and HONIG, ANDREW},
 isbn = {1593272901},
 pages = {1--12},
 publisher = {no starch press},
 title = {Practical Malware Analysis: the Hands-on Guide To Dissecting Malicious Software},
 type = {Book},
 year = {2012}
}

@inproceedings{RN6,
 author = {TONG, XUETING and WU, ZHANWEI},
 booktitle = {International Conference of Design, User Experience, and Usability},
 pages = {353-364},
 publisher = {Springer},
 title = {Study of Chinese City “Portrait” Based on Data Visualization: Take City Dashboard for Example},
 type = {Conference Proceedings}
}

@article{RN7,
 author = {ABAWAJY, JEMAL and DAREM, ABDULBASIT and ALHASHMI, ASMA A},
 journal = {Sensors},
 number = {4},
 pages = {1374},
 title = {Feature Subset Selection for Malware Detection in Smart IoT Platforms},
 type = {Journal Article},
 volume = {21},
 year = {2021}
}

@article{RN8,
 author = {XIE, NANNAN and WANG, XING and WANG, WEI and LIU, JIQIANG},
 issn = {2095-2236},
 journal = {Frontiers of Computer Science},
 number = {3},
 pages = {637-646},
 title = {Fingerprinting Android Malware Families},
 type = {Journal Article},
 volume = {13},
 year = {2019}
}

@article{RN9,
 author = {LIU, BAO and SANDHU, RAVI},
 issn = {0018-9529},
 journal = {IEEE Transactions on Reliability},
 number = {3},
 pages = {1068-1077},
 title = {Fingerprint-based Detection and Diagnosis of Malicious Programs in Hardware},
 type = {Journal Article},
 volume = {64},
 year = {2015}
}

@inproceedings{ronneberger2015u,
 author = {RONNEBERGER, OLAF and FISCHER, PHILIPP and BROX, THOMAS},
 booktitle = {Proceedings of the International Conference on Medical Image Computing and Computer-assisted Intervention},
 organization = {Springer},
 pages = {234--241},
 title = {U-net: Convolutional Networks for Biomedical Image Segmentation},
 year = {2015}
}

@article{shi2017deep,
 author = {SHI, XINGJIAN and GAO, ZHIHAN and LAUSEN, LEONARD and WANG, HAO and YEUNG, DIT-YAN and WONG, WAI-KIN and WOO, WANG-CHUN},
 journal = {ArXiv Preprint ArXiv:1706.03458},
 pages = {1--12},
 title = {Deep Learning for Precipitation Nowcasting: A Benchmark and A New Model},
 year = {2017}
}

@article{sieglaff2011nowcasting,
 author = {SIEGLAFF, JUSTIN M and CRONCE, LEE M and FELTZ, WAYNE F and BEDKA, KRISTOPHER M and PAVOLONIS, MICHAEL J and HEIDINGER, ANDREW K},
 journal = {Journal of Applied Meteorology and Climatology},
 number = {1},
 pages = {110--126},
 title = {Nowcasting Convective Storm Initiation Using Satellite-based Box-averaged Cloud-top Cooling and Cloud-type Trends},
 volume = {50},
 year = {2011}
}

@article{sun2019convective,
 author = {SUN, FENGLIN and QIN, DANYU and MIN, MIN and LI, BO and WANG, FU},
 journal = {IEEE Journal of Selected Topics in Applied Earth Observations and Remote Sensing},
 number = {11},
 pages = {4284--4296},
 publisher = {IEEE},
 title = {Convective Initiation Nowcasting Over China From Fengyun-4A Measurements Based on TV-L 1 Optical Flow and BP\_Adaboost Neural Network Algorithms},
 volume = {12},
 year = {2019}
}

@article{vila2008forecast,
 author = {VILA, DANIEL ALEJANDRO and MACHADO, LUIZ AUGUSTO TOLEDO and LAURENT, HENRI and VELASCO, INES},
 journal = {Weather and Forecasting},
 number = {2},
 pages = {233--245},
 title = {Forecast and Tracking the Evolution of Cloud Clusters (ForTraCC) Using Satellite Infrared Imagery: Methodology and Validation},
 volume = {23},
 year = {2008}
}

@article{walker2012enhanced,
 author = {WALKER, JOHN R and MACKENZIE JR, WAYNE M and MECIKALSKI, JOHN R and JEWETT, CHRISTOPHER P},
 journal = {Journal of Applied Meteorology and Climatology},
 number = {11},
 pages = {1931--1949},
 title = {An Enhanced Geostationary Satellite--based Convective Initiation Algorithm for 0--2-h Nowcasting with Object Tracking},
 volume = {51},
 year = {2012}
}

@inproceedings{wang2017predrnn,
 author = {WANG, YUNBO and LONG, MINGSHENG and WANG, JIANMIN and GAO, ZHIFENG and YU, PHILIP S},
 booktitle = {Proceedings of the 31st International Conference on Neural Information Processing Systems},
 pages = {879--888},
 title = {Predrnn: Recurrent Neural Networks for Predictive Learning Using Spatiotemporal Lstms},
 year = {2017}
}

@inproceedings{wang2018predrnn++,
 author = {WANG, YUNBO and GAO, ZHIFENG and LONG, MINGSHENG and WANG, JIANMIN and PHILIP, S YU},
 booktitle = {Proceedings of the International Conference on Machine Learning},
 organization = {PMLR},
 pages = {5123--5132},
 title = {Predrnn++: Towards A Resolution of the Deep-in-time Dilemma in Spatiotemporal Predictive Learning},
 year = {2018}
}

@inproceedings{wang2019ranet,
 author = {WANG, ZIQIN and XU, JUN and LIU, LI and ZHU, FAN and SHAO, LING},
 booktitle = {Proceedings of the IEEE/CVF International Conference on Computer Vision},
 pages = {3978--3987},
 title = {Ranet: Ranking Attention Network for Fast Video Object Segmentation},
 year = {2019}
}

@inproceedings{woo2018cbam,
 author = {WOO, SANGHYUN and PARK, JONGCHAN and LEE, JOON-YOUNG and KWEON, IN SO},
 booktitle = {Proceedings of the European Conference on Computer Vision (ECCV)},
 pages = {3--19},
 title = {Cbam: Convolutional Block Attention Module},
 year = {2018}
}

@inproceedings{xingjian2015convolutional,
 author = {XINGJIAN, SHI and CHEN, ZHOURONG and WANG, HAO and YEUNG, DIT-YAN and WONG, WAI-KIN and WOO, WANG-CHUN},
 booktitle = {Advances in Neural Information Processing Systems},
 pages = {802--810},
 title = {Convolutional LSTM Network: A Machine Learning Approach for Precipitation Nowcasting},
 year = {2015}
}

@article{yang2017introducing,
 author = {YANG, JUN and ZHANG, ZHIQING and WEI, CAIYING and LU, FENG and GUO, QIANG},
 journal = {Bulletin of the American Meteorological Society},
 number = {8},
 pages = {1637--1658},
 publisher = {American Meteorological Society},
 title = {Introducing the New Generation of Chinese Geostationary Weather Satellites, Fengyun-4},
 volume = {98},
 year = {2017}
}

@inproceedings{yang2020gated,
 author = {YANG, ZONGXIN and ZHU, LINCHAO and WU, YU and YANG, YI},
 booktitle = {Proceedings of the IEEE/CVF Conference on Computer Vision and Pattern Recognition},
 pages = {11794--11803},
 title = {Gated Channel Transformation for Visual Recognition},
 year = {2020}
}

@inproceedings{zhang2021sa,
 author = {ZHANG, QING-LONG and YANG, YU-BIN},
 booktitle = {Proceedings of the ICASSP 2021-2021 IEEE International Conference on Acoustics, Speech and Signal Processing},
 organization = {IEEE},
 pages = {2235--2239},
 title = {Sa-net: Shuffle Attention for Deep Convolutional Neural Networks},
 year = {2021}
}

@incollection{zhou2018unet++,
 author = {ZHOU, ZONGWEI and SIDDIQUEE, MD MAHFUZUR RAHMAN and TAJBAKHSH, NIMA and LIANG, JIANMING},
 booktitle = {Deep Learning in Medical Image Analysis and Multimodal Learning for Clinical Decision Support},
 organization = {Springer},
 pages = {3--11},
 title = {Unet++: A Nested U-net Architecture for Medical Image Segmentation},
 year = {2018}
}

@article{zhuge2018summertime,
 author = {ZHUGE, XIAOYONG and ZOU, XIAOLEI},
 journal = {Journal of the Meteorological Society of Japan. Ser. II},
 pages = {1--12},
 publisher = {Meteorological Society of Japan},
 title = {Summertime Convective Initiation Nowcasting Over Southeastern China based on Advanced Himawari Imager Observations},
 year = {2018}
}

@article{刘延安2012fy,
 author = {刘延安 and 魏鸣 and 高炜 and 李南},
 journal = {遥感学报},
 language = {zh},
 number = {1},
 pages = {79--92},
 title = {FY-2 红外云图中强对流云团的短时自动预报算法},
 volume = {16},
 year = {2012}
}

@article{宋珍妮2014基于网格的,
 author = {宋珍妮},
 journal = {科技信息},
 language = {zh},
 number = {5},
 pages = {76--77},
 title = {基于网格的 FY2C 卫星对流初生预警},
 year = {2014}
}

@article{方兆宝2004用改良的面积重叠法自动跟踪中尺度对流系统的试验研究,
 author = {方兆宝 and 林珲 and 吴立新 and 江吉喜 and 黄签},
 journal = {大气科学},
 language = {zh},
 number = {4},
 pages = {634--640},
 title = {用改良的面积重叠法自动跟踪中尺度对流系统的试验研究},
 volume = {28},
 year = {2004}
}

@article{李五生2014基于卫星资料的对流初生预报及效果评估,
 author = {李五生 and 王洪庆 and 王玉 and 吴琼},
 journal = {北京大学学报: 自然科学版},
 language = {zh},
 number = {5},
 pages = {819--824},
 title = {基于卫星资料的对流初生预报及效果评估},
 year = {2014}
}

@article{覃丹宇2010用滤波方法进行,
 author = {覃丹宇},
 journal = {大气科学},
 language = {zh},
 number = {1},
 pages = {154--162},
 title = {用滤波方法进行 M$\alpha$CS 云团形态差异的个例分析},
 year = {2010}
}

@article{覃丹宇2014利用静止气象卫星监测初生对流的研究进展,
 author = {覃丹宇 and 方宗义},
 journal = {气象},
 language = {zh},
 number = {1},
 pages = {7--17},
 title = {利用静止气象卫星监测初生对流的研究进展},
 volume = {40},
 year = {2014}
}

@article{郭巍2018基于葵花,
 author = {郭巍 and 崔林丽 and 顾问 and 王超 and 麻炳欣},
 journal = {气象},
 language = {zh},
 number = {9},
 pages = {1229--1236},
 title = {基于葵花 8 卫星的上海市夏季对流初生预报研究},
 volume = {44},
 year = {2018}
}

